@article{wan2004distributed,
  title={{Distributed construction of connected dominating set in wireless ad hoc networks}},
  author={Wan, P.J. and Alzoubi, K.M. and Frieder, O.},
  journal={Mobile Networks and Applications},
  volume={9},
  number={2},
  pages={141--149},
  year={2004},
  publisher={Springer}
}
@conference{banerjee2001clustering,
  title={{A clustering scheme for hierarchical control in multi-hop wireless networks}},
  author={Banerjee, S. and Khuller, S.},
  booktitle={IEEE INFOCOM},
  volume={2},
  pages={1028--1037},
  year={2001},
  organization={Citeseer}
}

@BOOK{distalgorithms,
	AUTHOR = {Nancy A. Lynch},
	TITLE = {Distributed Agorithms},
	PUBLISHER = {Morgan Kaufmann Publishers, Inc.},
	ADDRESS = {San Francisco, California},
	YEAR = {1996}}

@BOOK{discretemaths,
	AUTHOR = {Richard Johnsonbaugh},
	TITLE = {Discrete mathematics},
	PUBLISHER = {Pearson/Prentice Hall},
	ADDRESS = {Upper Saddle River, New Jersey},
	YEAR = {2005}}
	
@BOOK{introalgorithms,
	AUTHOR = {Thomas H. Cormen and Charles E. Leiserson and Ronald L. Rivest},
	TITLE = {Introduction to Algorithms},
	PUBLISHER = {MIT Press},
	ADDRESS = {Cambridge, Massachusetts},
	YEAR = {1990}}

