@INPROCEEDINGS{jector,
	AUTHOR = {G. Liu and  A.K. Mok and  E.J. Yang},
	TITLE = {Composite events for network event correlation},
	BOOKTITLE = {Proceedings of the Sixth IFIP/IEEE International Symposium on Integrated Network Management},
	PAGES = {247-260},
	MONTH = {May},
	YEAR = {1999}	}
	
@INPROCEEDINGS{cea,
	AUTHOR = {Eiko Yoneki and Jean Bacon},
	TITLE = {Unified Semantics for Event Correlation over Time and Space in Hybrid Network Environments},
	BOOKTITLE = {On the Move to Meaningful Internet Systems 2005: CoopIS, DOA, and ODBASE},
	PAGES = {366-384},
	MONTH = {November},
	YEAR = {2005}	}

@INPROCEEDINGS{jedi,
	AUTHOR = {G. Cugola and E. Di Nitto and A. Fuggetta},
	TITLE = {Exploiting an Event-Based Infrastructure to Develop Complex Distributed Systems},
	BOOKTITLE = {Proceedings of the 20th International Conference on Software Engineering},
	PAGES = {261-270},
	MONTH = {},
	YEAR = {1998}	}
	
@INPROCEEDINGS{lambdacalculus,
	AUTHOR = {Simon Courtenage},
	TITLE = {Specifying and Detecting Composite Events in Content-Based Publish/Subscribe Systems},
	BOOKTITLE = {Proceedings of the 22nd International Conference on Distributed Computing Systems},
	PAGES = {602-610},
	MONTH = {},
	YEAR = {2002}	}
	
@INPROCEEDINGS{snoop,
	AUTHOR = {S. Chakravarthy and V. Krishnaprasad and E. Anwar and S.-K. Kim},
	TITLE = {Composite Events for Active Databases: Semantics, Contexts and Detection},
	BOOKTITLE = {Proceedings of the 20th International Conference on Very Large Databases},
	PAGES = {606-617},
	MONTH = {},
	YEAR = {1994}	}
	
@INPROCEEDINGS{eps,
	AUTHOR = {Douglas Moreto and Markus Endler},
	TITLE = {Evaluating Composite Events using Shared Trees},
	BOOKTITLE = {IEE Proceedings - Software},
	PAGES = {1-10},
	MONTH = {},
	YEAR = {2001}	}
	
@INPROCEEDINGS{ready,
	AUTHOR = {Robert E. Gruber and Balachander Krishnamurthy and Euthimios Panagos},
	TITLE = {The Architecture of the READY Event Notification Service},
	BOOKTITLE = {Proceedings of the 19th IEEE International Conference on Distributed Computing Systems Middleware Workshop},
	PAGES = {},
	MONTH = {},
	YEAR = {1999}	}
	
@INPROCEEDINGS{samos,
	AUTHOR = {Stella Gatziu and Klaus R. Dittrich},
	TITLE = {Events in an Active Object-Oriented Database System},
	BOOKTITLE = {Proceedings of the first International Workshop on Rules in Database Systems},
	PAGES = {},
	MONTH = {},
	YEAR = {1993}	}
	
@INPROCEEDINGS{rebeca,
	AUTHOR = {Gero M\"{u}hl and Ludger Fiege and Alejandro Buchmann and Ludger Fiege Alej and Ro Buchmann},
	TITLE = {Filter Similarities in Content-Based Publish/Subscribe Systems},
	BOOKTITLE = {Proceedings of the International Conference on Architecture of Computing Systems},
	PAGES = {224-238},
	MONTH = {},
	YEAR = {2002}	}
		
@INPROCEEDINGS{eventquery,
	AUTHOR = {Franc\c{c}is Bry and Michael Eckert},
	TITLE = {A High-Level Query Language for Events},
	BOOKTITLE = {Proceedings of the IEEE Services Computing Workshops},
	PAGES = {31-38},
	MONTH = {},
	YEAR = {2006}	}

@TECHREPORT{eve,
	AUTHOR = {Andreas Geppert and Dimitrios Tombros},
	TITLE = {Event-based Distributed Workflow Execution with EVE},
	INSTITUTION = {University of Zurich},
	YEAR = {1996}	}
		
@ARTICLE{yeast,
	AUTHOR = {Balachander Krishnamurthy and David S. Rosenblum},
	TITLE = {Yeast: A General Purpose Event-Action System},
	JOURNAL = {IEEE Transactions on Software Engineering },
	VOLUME = {21},
	NUMBER = {10},
	PAGES = {845-857},
	MONTH = {October},
	YEAR = {1995}	}
	
@ARTICLE{gem,
	AUTHOR = {Masoud Mansouri-samani and Morris Sloman and Morris Sloman},
	TITLE = {GEM - A Generalised Event Monitoring Language for Distributed Systems},
	JOURNAL = {IEE/IOP/BCS Distributed Systems Engineering Journal},
	VOLUME = {4},
	NUMBER = {2},
	PAGES = {96-108},
	MONTH = {June},
	YEAR = {1997}	}