@MISC {boundedRegionDist,
	TITLE = {Distances in Bounded Regions},
	AUTHOR = {Math Pages},
	HOWPUBLISHED = "\url{http://www.mathpages.com/home/kmath324/kmath324.htm}"}
@MISC {vertexDistance,
	TITLE = {Mean Distance from Vertex to Interior of Plane Figures},
	AUTHOR = {Math Pages},
	HOWPUBLISHED = "\url{http://www.mathpages.com/home/kmath283/kmath283.htm}"}
	