@ARTICLE{pervasivesurvey,
	AUTHOR = {M. Satyanarayanan},
	TITLE = {Pervasive Computing: Vision and Challenges},
	JOURNAL = {IEEE Personal Communications},
	VOLUME = {8},
	NUMBER = {4},
	PAGES = {10-17},
	MONTH = {August},
	YEAR = {2002}	}
