@INPROCEEDINGS {publist:lai:ted,
   AUTHOR = {Steven Lai and Jiannong Cao and Xiaopeng Fan},
   TITLE = {TED: Efficient Type-based Composite Event Detection for Wireless Sensor Network},
   BOOKTITLE = {Proceedings of 7th IEEE International Conference on Distributed Computing in Sensor Systems (DCOSS'11)},
   MONTH = {June},
   YEAR = {2011}
}
@INPROCEEDINGS{publist:lai:psware,
	AUTHOR = {Steven Lai and Jiannong Cao and Yuan Zheng},
	TITLE = {PSWare: A Publish / Subscribe Middleware Supporting Composite Event in Wireless Sensor Network},
	BOOKTITLE = {Proceedings of the 2009 IEEE International Conference on Pervasive Computing and Communications (PerSeNS'09)},
	PAGES = {1-6},
	MONTH = {March},
	YEAR = {2009}	}
@INPROCEEDINGS{publist:lai:its,
	AUTHOR = {Yi Lai and Yuan Zheng and Jiannong Cao},
	TITLE = {Protocols for Traffic Safety Using Wireless Sensor Network},
	BOOKTITLE = {Proceedings of the 7th International Conference on Algorithms and Architectures for Parallel Processing (ICA3PP'07)},
	PAGES = {37-48},
	MONTH = {June},
	YEAR = {2007}	}
@INPROCEEDINGS {publist:xf:infocom11,
   AUTHOR = {Xuefeng Liu and Jiannong Cao and Steven Lai and Chao Yang and Hejun Wu and Youlin Xu},
   TITLE = {Energy Efficient Clustering for WSN-based Structural Health Monitoring},
   BOOKTITLE = {Proceedings of 30th IEEE International Conference on Computer Communications (INFOCOM'11)},
   MONTH = {April},
   YEAR = {2011}
}
@INPROCEEDINGS {publist:xf:dsn11,
   AUTHOR = {Xuefeng Liu and Jiannong Cao and Md. Zakirul Alam Bhuiyan and Steven Lai and Hejun Wu and Guojun Wang},
   TITLE = {Fault Tolerant WSN-based Structural Health Monitoring},
   BOOKTITLE = {Proceedings of 41st Annual IEEE/IFIP International Conference on Dependable Systems and Networks (DSN'11)},
   MONTH = {June},
   YEAR = {2011}
}
@ARTICLE{publist:vaskar:ktop,
	AUTHOR = {Vaskar Raychoudhury and Jiannong Cao and Weigang Wu and Steven Lai},
	TITLE = {K-Directory Community: Reliable Service Discovery in MANET},
	JOURNAL = {Journal of Pervasive and Mobile Computing (JPMC)},
	VOLUME = {7},
	NUMBER = {1},
	MONTH = {February},
	YEAR = {2011}
}
@ARTICLE{publist:wu:isensnet,
	AUTHOR = {Jiannong Cao and Hejun Wu and Xuefeng Liu and Yi Lai},
	TITLE = {iSensNet: an Infrastructure for Research and Development in Wireless Sensor Networks},
	JOURNAL = {Frontiers of Computer Science in China},
	VOLUME = {4},
	NUMBER = {3},
	PAGES = {339-353},
	YEAR = {2010}
}