@INPROCEEDINGS{lai:psware,
	AUTHOR = {Steven Lai and Jiannong Cao and Yuan Zheng},
	TITLE = {PSWare: A Publish / Subscribe Middleware Supporting Composite Event in Wireless Sensor Network},
	BOOKTITLE = {Proceedings of the 2009 IEEE International Conference on Pervasive Computing and Communications},
	PAGES = {1-6},
	MONTH = {March},
	YEAR = {2009}	}

@INPROCEEDINGS{sp,
	AUTHOR = {Paolo Costa and Gian Pietro Picco},
	TITLE = {Semi-Probabilistic Content-Based Publish-Subscribe},
	BOOKTITLE = {25th IEEE International Conference on Distributed Computing Systems},
	PAGES = {575-585},
	MONTH = {June},
	YEAR = {2005}	}

@INPROCEEDINGS{lowlevelnaming,
	AUTHOR = {John Heidemann and Fabio Silva and Chalermek Intanagonwiwat and Ramesh Govindan and Deborah Estrin and Deepak Ganesan},
	TITLE = {Building Efficient Wireless Sensor Networks with Low-Level Naming},
	BOOKTITLE = {Proceedings of the Eighteenth ACM Symposium on Operating Systems Principles},
	PAGES = {146-159},
	MONTH = {},
	YEAR = {2001}	}
	
@TECHREPORT{diffusionfilters,
	AUTHOR = {John Heidemann and Fabio Silva and Yan Yu and Deborah Estrin and Padmaparma Haldar},
	TITLE = {Diffusion Filters as a Flexible Architecture for Event Notification in Wireless Sensor Networks},
	INSTITUTION = {USC/Information Sciences Institute},
	YEAR = {2005}	}
 
@TECHREPORT{gear,
	AUTHOR = {Yan Yu and Ramesh Govindan and Deborah Estrin},
	TITLE = {Geographical and Energy Aware Routing: a recursive data dissemination protocol for wireless sensor networks},
	INSTITUTION = {UCLA Computer Science Department},
	YEAR = {2001}	}

@ARTICLE{directeddiffusion,
	AUTHOR = {Chalermek Intanagonwiwat and Ramesh Govindan and Deborah Estrin and John Heidemann and and Fabio Silva},
	TITLE = {Directed Diffusion for Wireless Sensor Networking},
	JOURNAL = {IEEE/ACM Transactions on Networking},
	VOLUME = {11},
	NUMBER = {1},
	PAGES = {2-16},
	MONTH = {February},
	YEAR = {2003}	}
	
@ARTICLE{mires,
	AUTHOR = {Eduardo Souto and Germano {Guimar\~{a}es} and Glauco Vasconcelos and Mardoqueu Vieira and Nelson Ro and Carlos Ferraz and Judith Kelner},
	TITLE = {Mires: a publish/subscribe middleware for sensor networks},
	JOURNAL = {Personal and Ubiquitous Computing},
	VOLUME = {10},
	NUMBER = {1},
	PAGES = {37-44},
	MONTH = {December},
	YEAR = {2005}	}
	