@INPROCEEDINGS{doubleruling,
	AUTHOR = {Jie Gao and Leonidas Guibas and Nikola Milosavljevic and John Hershberger},
	TITLE = {Sparse Data Aggregation in Sensor Networks},
	BOOKTITLE = {Proceedings of the 6th international conference on Information processing in sensor networks},
	PAGES = {430-439},
	MONTH = {May},
	YEAR = {2007}	}
		
@INPROCEEDINGS{tod,
	AUTHOR = {Kai-Wei Fan and Sha Liu and Prasun Sinha},
	TITLE = {Scalable Data Aggregation for Dynamic Events in Sensor Networks},
	BOOKTITLE = {Proceedings of the 4th international conference on Embedded networked sensor systems},
	PAGES = {181-194},
	MONTH = {November},
	YEAR = {2006}	}

@INPROCEEDINGS{iheed,
	AUTHOR = {Ossama Younis and Sonia Fahmy},
	TITLE = {An Experimental Study of Routing and Data Aggregation in Sensor Networks},
	BOOKTITLE = {Proceedings of the IEEE International Conference on Mobile Ad-hoc and Sensor Systems},
	PAGES = {57-65},
	MONTH = {November},
	YEAR = {2005}	}

@INPROCEEDINGS{impactaggregation,
	AUTHOR = {Bhaskar Krishnamachari and Deborah Estrin and Stephen B. Wicker},
	TITLE = {The Impact of Data Aggregation in Wireless Sensor Networks},
	BOOKTITLE = {Proceedings of the 22nd International Conference on Distributed Computing Systems},
	PAGES = {575-578},
	MONTH = {},
	YEAR = {2002}	}

@INPROCEEDINGS{tag,
	AUTHOR = {Samuel Madden and Michael J. Franklin and Joseph M. Hellerstein and Wei Hong},
	TITLE = {TAG: a Tiny AGgregation Service for Ad-Hoc Sensor Networks},
	BOOKTITLE = {ACM SIGOPS Operating Systems Review},
	PAGES = {131-146},
	MONTH = {},
	YEAR = {2002}	}
	
@INPROCEEDINGS{pattem:impact,
  AUTHOR = {Sundeep Pattem and Bhaskar Krishnamachari and R. Godindan and Ramesh Govindan},
  TITLE = {The Impact of Spatial Correlation on Routing with Compression in Wireless Sensor Networks},
	BOOKTITLE = {Third International Symposium on Information Processing in Sensor Networks},
	PAGES = {28-35},
	MONTH = {April},
  YEAR = {2004}
}

@INPROCEEDINGS{asc,
  AUTHOR = {Ramanan Subramanian and Hossein Pishro-Nik and Faramarz Fekri},
  TITLE = {Clustering-Based Correlation Aware Data Aggregation for Distributed Sensor Networks},
	BOOKTITLE = {IEEE Global Telecommunications Conference},
	PAGES = {3253-3257},
	MONTH = {December},
  YEAR = {2005}
}

@INPROCEEDINGS{lpt,
  AUTHOR = {Marc Lee and Vincent W.S. Wong},
  TITLE = {LPT for Data Aggregation in Wireless Sensor Networks},
	BOOKTITLE = {IEEE Global Telecommunications Conference},
	PAGES = {2969-2974},
	MONTH = {December},
  YEAR = {2005}
}

@INPROCEEDINGS{jiang:statistical,
  AUTHOR = {Hongbo Jiang and Shudong Jin},
  TITLE = {Scalable and Robust Aggregation Techniques for Extracting Statistical Information in Sensor Networks},
	BOOKTITLE = {Proceedings of the 26th IEEE International Conference on Distributed Computing System},
	PAGES = {69},
	MONTH = {},
  YEAR = {2006}
}

@INPROCEEDINGS{qdigest,
  AUTHOR = {Nisheeth Shrivastava and Chiranjeeb Buragohain and Divyakant Agrawal and Subhash Suri},
  TITLE = {Medians and Beyond: New Aggregation Techniques},
  BOOKTITLE = {Proceedings of the 2nd International Conference on Embedded Networked Sensor Systems},
  PAGES = {239-249},
	MONTH = {},
  YEAR = {2004}
}

@INPROCEEDINGS{vigilnet,
  AUTHOR = {Tian He and Lin Gu and Liqian Luo and Ting Yan and John A. Stankovic and Sang H. Son},
  TITLE = {An Overview of Data Aggregation Architecture for Real-Time Tracking with Sensor Networks},
  BOOKTITLE = {20th International Parallel and Distributed Processing Symposium},
  PAGES = {1-8},
	MONTH = {April},
  YEAR = {2006}
}

@ARTICLE{daa,
	AUTHOR = {Kai-Wei Fan and Sha Liu and Prasun Sinha},
  TITLE = {Structure-Free Data Aggregation in Sensor Networks},
  JOURNAL = {IEEE Transactions on Mobile Computing},
  VOLUME = {6},
  NUMBER = {8},
  PAGES = {929-942},
	MONTH = {August},
  YEAR = {2007}
}

@ARTICLE{akca:deterministic,
	AUTHOR = {H\"{u}seyin Akca and Herv\'{e} Br\"{o}nnimann},
  TITLE = {A New Deterministic Data Aggregation Method for Wireless Sensor Networks},
  JOURNAL = {Signal Processing},
  VOLUME = {87},
  NUMBER = {12},
  PAGES = {2965-2977},
	MONTH = {December},
  YEAR = {2007}
}

@ARTICLE{clusteringsurvey,
	AUTHOR = {Ossama Younis and Marwan Krunz and Srinivasan Ramasubramanian},
  TITLE = {Node Clustering in Wireless Sensor Networks: Recent Developments and Deployment Challenges},
  JOURNAL = {IEEE Network},
  VOLUME = {20},
  NUMBER = {3},
  PAGES = {20-25},
	MONTH = {May/June},
  YEAR = {2006}
}

@ARTICLE{epas,
	AUTHOR = {Yuanzhu Peter Chen and Arthur L. Liestman and Jiangchuan Liu},
  TITLE = {A Hierarchical Energy-Efficient Framework for Data Aggregation in Wireless Sensor Networks},
  JOURNAL = {IEEE Transactions on Vehicular Technology},
  VOLUME = {55},
  NUMBER = {3},
  PAGES = {789-796},
	MONTH = {May},
  YEAR = {2006}
}

@ARTICLE{qdap,
	AUTHOR = {Jin Zhu and Symeon Papavassiliou and Jie Yang},
  TITLE = {Adaptive Localized QoS-Constrained Data Aggregation and Processing in Distributed Sensor Networks},
  JOURNAL = {IEEE Transactions on Parallel and Distributed Systems},
  VOLUME = {17},
  NUMBER = {9},
  PAGES = {923-933},
	MONTH = {September},
  YEAR = {2006}
}

@ARTICLE{aida,
	AUTHOR = {Tian He and Brian M. Blum and John A Stankovic and Tarek Abdelzaher},
  TITLE = {AIDA: Adaptive Application Independent Data Aggregation in Wireless Sensor Networks},
  JOURNAL = {ACM Transactions on Embedded Computing System, Special issue on Dynamically Adaptable Embedded Systems},
  VOLUME = {3},
  NUMBER = {2},
  PAGES = {426-457},
	MONTH = {May},
  YEAR = {2003}
}

@ARTICLE{tina,
  AUTHOR = {Mohamed A. Sharaf and Jonathan Beaver and Alexandros Labrinidis and Ros Labrinidis and Panos K. Chrysanthis},
  TITLE = {Balancing Energy Efficiency and Quality of Aggregate Data in Sensor Networks},
  JOURNAL = {The VLDB Journal - The International Journal on Very Large Data Bases},
  VOLUME = {13},
  NUMBER = {4},
  PAGES = {384-403},
	MONTH = {December},
  YEAR = {2004}
}

@ARTICLE{dctc,
  AUTHOR = {Wensheng Zhang and Guohong Cao},
  TITLE = {DCTC: Dynamic Convoy Tree-Based Collaboration for Target Tracking in Sensor Networks},
  JOURNAL = {IEEE Transactions on Wireless Communication},
  VOLUME = {3},
  NUMBER = {5},
  PAGES = {1689-1701},
	MONTH = {September},
  YEAR = {2004}
}

@ARTICLE{pegasis,
	AUTHOR = {Stephanie Lindsey and Cauligi Raghavendra and Krishna M. Sivalingam},
	TITLE = {Data Gathering Algorithms in Sensor Networks Using Energy Metrics},
	JOURNAL = {IEEE Transactions on Parallel and Distributed Systems},
	VOLUME = {13},
	NUMBER = {9},
	PAGES = {924-935},
	MONTH = {September},
	YEAR = {2002}	}
	
@ARTICLE{xue:lp,
	AUTHOR = {Yuan Xue and Yi Cui and Klara Nahrstedt},
	TITLE = {Maximizing Lifetime for Data Aggregation in Wireless Sensor Networks},
	JOURNAL = {Mobile Networks and Applications},
	VOLUME = {10},
	NUMBER = {6},
	PAGES = {853-864},
	MONTH = {December},
	YEAR = {2005}	}

@ARTICLE{mfst,
	AUTHOR = {Hong Luo and Yonghe Liu and Sajal K. Das},
	TITLE = {Routing Correlated Data with Fusion Cost in Wireless Sensor Networks},
	JOURNAL = {IEEE Transactions on Mobile Computing},
	VOLUME = {5},
	NUMBER = {11},
	PAGES = {1620-1632},
	MONTH = {November},
	YEAR = {2006}	}

@ARTICLE{leach,
	AUTHOR = {Wendi B. Heinzelman and Anantha P. Chandrakasan and Hari Balakrishnan},
	TITLE = {An Application-Specific Protocol Architecture for Wireless Microsensor Networks},
	JOURNAL = {IEEE Transactions on Wireless Communications},
	VOLUME = {40},
	NUMBER = {8},
	PAGES = {660-670},
	MONTH = {October},
	YEAR = {2002}	}
