@INPROCEEDINGS{reed,
	AUTHOR = {Daniel J. Abadi and Samuel Madden and Wolfgang Lindner},
	TITLE = {REED: Robust, Efficient Filtering and Event Detection
in Sensor Networks},
	BOOKTITLE = {Proceedings of the 31st International Conference on Very Large Data Bases},
	PAGES = {769-780},
	MONTH = {August - September},
	YEAR = {2005}	}
	
@INPROCEEDINGS {ahn:proactive,
   AUTHOR = {Sungjin Ahn and Daeyoung Kim},
   TITLE = {Proactive Context-Aware Sensor Networks},
   BOOKTITLE = {Proceedings of European Workshop on Wireless Sensor Networks (EWSN)},
   PAGES = {38-53},
   MONTH = {February},
   YEAR = {2006}
}

@INPROCEEDINGS {lai:ted,
   AUTHOR = {Steven Lai and Jiannong Cao and Xiaopeng Fan},
   TITLE = {TED: Efficient Type-based Composite Event Detection for Wireless Sensor Network},
   BOOKTITLE = {Proceedings of 7th IEEE International Conference on Distributed Computing in Sensor Systems},
   MONTH = {June},
   YEAR = {2011}
}

@TECHREPORT{complexevent,
	AUTHOR = {Dan O'Keeffe},
	TITLE = {Distributed Complex Event Detection for Pervasive Computing},
	INSTITUTION = {University of Cambridge/Computer Laboratory},
	YEAR = {2010}}
	
@ARTICLE{gag:predicate,
	AUTHOR = {Vijay K. Gag and Brian Waldecker},
	TITLE = {Detection of Weak Unstable Predicates in Distributed Programs},
	JOURNAL = {IEEE Transactions on Parallel and Distributed Systems},
	VOLUME = {5},
	NUMBER = {3},
	PAGES = {299-307},
	MONTH = {March},
	YEAR = {1994}	}