@INPROCEEDINGS{mom,
	AUTHOR = {Guruduth Banavar and Tushar Deepak Chandra and Robert E. Strom and Daniel C. Sturman},
	TITLE = {A Case for Message Oriented Middleware},
	BOOKTITLE = {Proceedings of the 13th International Symposium on Distributed Computing},
	PAGES = {1-18},
	MONTH = {September},
	YEAR = {1999}	}

@INPROCEEDINGS{gryphon,
	AUTHOR = {Guruduth Banavar and Tushar Ch and Bodhi Mukherjee and Jay Nagarajarao and Robert E. Strom and Daniel C. Sturman},
	TITLE = {An Efficient Multicast Protocol for Content-Based Publish-Subscribe Systems},
	BOOKTITLE = {Proceedings of the 19th IEEE International Conference on Distributed Computing Systems},
	PAGES = {262-272},
	MONTH = {June},
	YEAR = {1999}	}

@INPROCEEDINGS{meghdoot,
	AUTHOR = {Abhishek Gupta and Ozgur D. Sahin and Divyakant Agrawal and Amr El Abbadi},
	TITLE = {Meghdoot: Content-Based Publish/Subscribe over P2P Networks},
	BOOKTITLE = {Proceedings of the 5th ACM/IFIP/USENIX International Conference on Middleware},
	PAGES = {254-273},
	MONTH = {},
	YEAR = {2004}	}

@INPROCEEDINGS{fabret:filtering,
	AUTHOR = {Fran\c{c}oise Fabret and H. Arno Jacobsen and Fran\c{c}ois Llirba and {Jo\~{a}o} Pereira and Kenneth A. Ross and Dennis Shasha},
	TITLE = {Filtering Algorithms and Implementation for Very Fast Publish/Subscribe Systems},
	BOOKTITLE = {Proceedings of the 2001 ACM SIGMOD International Conference on Management of Data},
	PAGES = {115-126},
	MONTH = {},
	YEAR = {2001}	}
	
@INPROCEEDINGS{elvin,
	AUTHOR = {Bill Segall and David Arnold},
	TITLE = {Elvin has left the building: A publish/subscribe notification service with quenching},
	BOOKTITLE = {Proceedings of the 1997 Australian UNIX and Open Systems Users Group Conference},
	PAGES = {},
	MONTH = {},
	YEAR = {1997}	}

@ARTICLE{rpc,
	AUTHOR = {Andrew D. Birrell and Bruce Jay Nelson},
	TITLE = {Implementing remote procedure calls},
	JOURNAL = {ACM Transactions on Computer Systems},
	VOLUME = {2},
	NUMBER = {1},
	PAGES = {39-59},
	MONTH = {February},
	YEAR = {1984}	}
	
@ARTICLE{siena,
	AUTHOR = {Antonio Carzaniga and David S. Rosenblum and Alexander L. Wolf},
	TITLE = {Design and Evaluation of a Wide-Area Event Notification Service},
	JOURNAL = {ACM Transactions on Computer Systems},
	VOLUME = {19},
	NUMBER = {3},
	PAGES = {332-383},
	MONTH = {August},
	YEAR = {2001}	}

@ARTICLE{facespubsub,
	AUTHOR = {Patrick Th. Eugster and Pascal A. Felber and Rachid Guerraoui and Anne-Marie Kermarrec},
	TITLE = {The Many Faces of Publish/Subscribe},
	JOURNAL = {ACM Computing Surveys},
	VOLUME = {35},
	NUMBER = {2},
	PAGES = {114-131},
	MONTH = {June},
	YEAR = {2003}	}

@ARTICLE{linda,
	AUTHOR = {Nicholas Carriero and David Gelernter},
	TITLE = {The S/Net's Linda Kernel},
	JOURNAL = {ACM Transactions on Computer Systems},
	VOLUME = {4},
	NUMBER = {2},
	PAGES = {110-129},
	MONTH = {May},
	YEAR = {1986}	}
	
@BOOK{designpattern,
    AUTHOR    = {Erich Gamma and Richard Helm and Ralph Johnson and John M. Vlissides},
    TITLE     = {Design Patterns: Elements of Reusable Object-Oriented Software},
    YEAR      = {1994},
    PUBLISHER = {Addison-Wesley},
}

