@INPROCEEDINGS {xf:infocom11,
   AUTHOR = {Xuefeng Liu and Jiannong Cao and Steven Lai and Chao Yang and Hejun Wu and Youlin Xu},
   TITLE = {Energy Efficient Clustering for WSN-based Structural Health Monitoring},
   BOOKTITLE = {Proceedings of 30th IEEE International Conference on Computer Communications},
   MONTH = {April},
   YEAR = {2011}
}
@INPROCEEDINGS {xf:dsn11,
   AUTHOR = {Xuefeng Liu and Jiannong Cao and Md. Zakirul Alam Bhuiyan and Steven Lai and Hejun Wu and Guojun Wang},
   TITLE = {Fault Tolerant WSN-based Structural Health Monitoring},
   BOOKTITLE = {Proceedings of 41st Annual IEEE/IFIP International Conference on Dependable Systems and Networks},
   MONTH = {June},
   YEAR = {2011}
}

@conference{simon2004sensor,
  title={{Sensor network-based countersniper system}},
  author={Simon, G. and Mar{\'o}ti, M. and L{\'e}deczi, {\'A}. and Balogh, G. and Kusy, B. and N{\'a}das, A. and Pap, G. and Sallai, J. and Frampton, K.},
  booktitle={Proceedings of the 2nd international conference on Embedded networked sensor systems},
  pages={1--12},
  year={2004},
  organization={ACM}
}


@article{farrar2007introduction,
  title={{An introduction to structural health monitoring}},
  author={Farrar, C.R. and Worden, K.},
  journal={Philosophical Transactions of the Royal Society A: Mathematical, Physical and Engineering Sciences},
  volume={365},
  number={1851},
  pages={303},
  year={2007},
  publisher={The Royal Society}
}

@conference{farrar1997overview,
  title={{An overview of modal-based damage identification methods}},
  author={Farrar, C.R. and Doebling, S.W.},
  booktitle={Proceedings of DAMAS Conference},
  year={1997}
}

@article{lynch2003embedment,
  title={{Embedment of structural monitoring algorithms in a wireless sensing unit}},
  author={Lynch, J.P. and Sundararajan, A. and Law, K.H. and Kiremidjian, A.S. and Kenny, T. and Carryer, E.},
  journal={Structural Engineering and Mechanics},
  volume={15},
  number={3},
  pages={285--297},
  year={2003}
}

@article{nagayama2008structural,
  title={{Structural health monitoring using smart sensors}},
  author={Nagayama, T. and Spencer Jr, B.F.},
  journal={Newmark Structural Engineering Laboratory Report Series 001},
  year={2008},
  publisher={Newmark Structural Engineering Laboratory. University of Illinois at Urbana-Champaign.}
}

@conference{kottapalli2003two,
  title={{Two-tiered wireless sensor network architecture for structural health monitoring}},
  author={Kottapalli, V.A. and Kiremidjian, A.S. et al.},
  booktitle={Proc. of the Intl. Symp. on Smart Structures and Materials},
  year={2003}
}

@article{gao2006distributed,
  title={{Distributed computing strategy for structural health monitoring}},
  author={Gao, Y. and Spencer Jr, BF and Ruiz-Sandoval, M.},
  journal={Structural control and health monitoring},
  volume={13},
  number={1},
  pages={488--507},
  year={2006},
  publisher={John Wiley \& Sons}
}

@article{zimmerman2008automated,
  title={{Automated modal parameter estimation by parallel processing within wireless monitoring systems}},
  author={Zimmerman, A.T. and Shiraishi, M. et al.},
  journal={Journal of Infrastructure Systems},
  volume={14},
  pages={102},
  year={2008}
}

@conference{jeongyeup2005embedded,
  title={{Embedded Sensing of Structures: A Reality Check}},
  author={Jeongyeup, K.C. and Chintalapudi, K. and Paek, J. et al.},
  booktitle={The 11th IEEE International Conference on Embedded and Real-Time Computing Systems and Applications (RTCSA2005), Hong Kong},
  year={2005}
}


@conference{chintalapudi2006structural,
  title={{Structural damage detection and localization using NETSHM}},
  author={Chintalapudi, K. and Paek, J. and Gnawali, O. and Fu, TS and Dantu, K. and Caffrey, J. and Govindan, R. and Johnson, E. and Masri, S.},
  booktitle={The Fifth International Conference on Information Processing in Sensor Networks, 2006. IPSN 2006},
  pages={475--482},
  year={2006}
}

@conference{kim2007health,
  title={{Health monitoring of civil infrastructures using wireless sensor networks}},
  author={Kim, S. and Pakzad, S. and Culler, D. and Demmel, J. and Fenves, G. and Glaser, S. and Turon, M.},
  booktitle={Proceedings of the 6th international conference on Information processing in sensor networks},
  pages={263},
  year={2007},
  organization={ACM}
}

@article{pakzad2005multi,
  title={{Multi-Purpose Wireless Accelerometers for Civil Infrastructures Monitoring}},
  author={Pakzad, SN and Kim, S. and Fenves, GL and Glaser, SD and Culler, DE and Demmel, JW},
  journal={Structural health monitoring, 2005: advancements and challenges for implementation},
  pages={125},
  year={2005},
  publisher={DEStech Publications, Inc}
}

@conference{whelan2007development,
  title={{Development of a wireless bridge monitoring system for condition assessment using hybrid techniques}},
  author={Whelan, M.J. and Fuchs, M.P. and Gangone, M.V. and Janoyan, K.D.},
  booktitle={SPIE International Symposium on Sensor Systems and Networks: Phenomena, Technology and Applications for NDE and Health Monitoring},
  year={2007}
}

@article{juang1985eigensystem,
  title={{Eigensystem realization algorithm for modal parameter identification and model reduction.}},
  author={Juang, J.N. and Pappa, R.S.},
  journal={Journal of Guidance, Control, and Dynamics},
  volume={8},
  number={5},
  pages={620--627},
  year={1985}
}

@book{ljung1987system,
  title={{System identification: theory for the user}},
  author={Ljung, L. and Ljung, E.J.},
  year={1987},
  publisher={Prentice-Hall Englewood Cliffs, NJ}
}

@book{ewins1984modal,
  title={{Modal testing: theory and practice}},
  author={Ewins, D.J.},
  year={1984},
  publisher={Research Studies}
}

@article{james1993natural,
  title={{The natural excitation technique (NExT) for modal parameter extraction from operating wind turbines}},
  author={James III, G.H. and Carne, T.G. and Lauffer, J.P.},
  journal={NASA STI/Recon Technical Report N},
  volume={93},
  pages={28603},
  year={1993}
}

@ARTICLE{jangshm,
	AUTHOR = {ShinAe Jang and Hongki Jo and Soojin Cho and Kirill Mechitov and Jennifer Rice and Sung-Han Sim and Hyung-Jo Jung and Chung-Bang Yun and B. F. Spencer and Gul Agha},
  TITLE = {Structural Health Monitoring of a Cable-stayed Bridge Using Smart Sensor Technology: Deployment and Evaluation},
  JOURNAL = {Smart Structures and Systems},
  VOLUME = {6},
  NUMBER = {5},
  PAGES = {439-460},
	MONTH = {July},
  YEAR = {2010}
}