@INPROCEEDINGS{klein:its,
	AUTHOR = {Lawrence A. Klein},
	TITLE = {Traffic Parameter Measurement Technology Evaluation},
	BOOKTITLE = {Proceedings of the IEEE-IEE Vehicle Navigation and Information Systems Conference},
	PAGES = {529-533},
	MONTH = {August},
	YEAR = {1993}	}

@INPROCEEDINGS{lo:ban,
	AUTHOR = {Benny Lo and Surapa Thiemjarus and Rachel King and Guang Zhong Yang},
	TITLE = {Body Sensor Network - A Wireless Sensor Platform for Pervasive Healthcare Monitoring},
	BOOKTITLE = {The 3rd International Conference on Pervasive Computing},
	PAGES = {77-80},
	MONTH = {May},
	YEAR = {2005}	}
	
@INPROCEEDINGS{tossim,
	AUTHOR = {Philip Levis and Nelson Lee and Matt Welsh and David Culler},
	TITLE = {TOSSIM: Accurate and Scalable Simulation of Entire TinyOS Applications},
	BOOKTITLE = {Proceedings of the First ACM Conference on Embedded Networked Sensor Systems},
	PAGES = {126-137},
	MONTH = {November},
	YEAR = {2003}	}
	
@INPROCEEDINGS{wsntracking,
	AUTHOR = {Chao Gui and Prasant Mohapatra},
	TITLE = {Power Conservation and Quality of Surveillance in Target Tracking Sensor Networks},
	BOOKTITLE = {Proceedings of the 10th Annual International Conference on Mobile Computing and Networking},
	PAGES = {129-143},
	MONTH = {November},
	YEAR = {2004}	}

@INPROCEEDINGS{cartel,
    AUTHOR = {Bret Hull and Vladimir Bychkovsky and Yang Zhang and Kevin Chen and Michel Goraczko and Allen Miu and Eugene Shih and Hari Balakrishnan and Samuel Madden},
    TITLE = {Cartel: A Distributed Mobile Sensor Computing System},
    BOOKTITLE = {Proceedings of the Fourth ACM Conference on Embedded Networked Sensor Systems},
    YEAR = {2006},
    PAGES = {125--138}
}

@INPROCEEDINGS{wsnhabitat,
	AUTHOR = {Alan Mainwaring and Joseph Polastre and Robert Szewczyk and David Culler},
	TITLE = {Wireless Sensor Networks for Habitat Monitoring},
	BOOKTITLE = {Proceedings of the 10th Annual International Conference on Mobile Computing and Networking},
	PAGES = {88-97},
	MONTH = {June},
	YEAR = {2002}	}

@INPROCEEDINGS{tang:carpark,
	AUTHOR = {Vanessa W.S. Tang and Yuan Zheng and Jiannong Cao},
	TITLE = {An Intelligent Car Park Management System based on Wireless Sensor Networks},
	BOOKTITLE = {Proceedings of the 1st International Symposium on Pervasive Computing and Applications},
	PAGES = {65-70},
	MONTH = {August},
	YEAR = {2006}	}

@INPROCEEDINGS{lai:its,
	AUTHOR = {Yi Lai and Yuan Zheng and Jiannong Cao},
	TITLE = {Protocols for Traffic Safety Using Wireless Sensor Network},
	BOOKTITLE = {Proceedings of the 7th International Conference on Algorithms and Architectures for Parallel Processing},
	PAGES = {37-48},
	MONTH = {June},
	YEAR = {2007}	}
	
@INPROCEEDINGS{nesc,
  AUTHOR = {David Gay and Matt Welsh and Philip Levis and Eric Brewer and Robert von Behren and David Culler},
  TITLE = {The nesC Language: A Holistic Approach to Networked Embedded Systems},
  BOOKTITLE = {Proceedings of Programming Language Design and Implementation},
  PAGES = {1-11},
	MONTH = {},
  YEAR = {2003}
}

@INPROCEEDINGS{mintroute,
  AUTHOR = {Alec Woo and Terence Tong and David Culler},
  TITLE = {Taming the Underlying Challenges of Reliable Multihop Routing in Sensor Networks},
  BOOKTITLE = {Proceedings of the 1st International Conference on Embedded Networked Sensor Systems},
  PAGES = {14-27},
	MONTH = {},
  YEAR = {2003}
}

@INPROCEEDINGS{rssiroute,
  AUTHOR = {Kannan Srinivasan and Philip Levis},
  TITLE = {RSSI is Under Appreciated},
  BOOKTITLE = {Proceedings of the Third Workshop on Embedded Networked Sensors},
  PAGES = {},
	MONTH = {},
  YEAR = {2006}
}

@INPROCEEDINGS{ctp,
  AUTHOR = {Omprakash Gnawali and Rodrigo Fonseca and Kyle Jamieson and David Moss and Philip Levis},
  TITLE = {Collection Tree Protocol},
  BOOKTITLE = {Proceedings of the 7th ACM Conference on Embedded Networked Sensor Systems},
  PAGES = {1-14},
	MONTH = {},
  YEAR = {2009}
}

@conference{bokareva2006wireless,
  title={{Wireless sensor networks for battlefield surveillance}},
  author={Bokareva, T. and Hu, W. and Kanhere, S. and Ristic, B. and Gordon, N. and Bessell, T. and Rutten, M. and Jha, S.},
  booktitle={Proceedings of the Land Warfare Conference},
  year={2006},
  organization={Citeseer}
}

@ARTICLE{li:tracking,
	AUTHOR = {Dan Li and Kerry D. Wong and Yu H. Hu and Akbar M. Sayeed},
	TITLE = {Detection, Classification and Tracking of Targets in Distributed Sensor Networks},
	JOURNAL = {IEEE Signal Processing Magazine},
	VOLUME = {19},
	NUMBER = {2},
	PAGES = {17-29 },
	MONTH = {March},
	YEAR = {2002}	}


@ARTICLE{bogdan:redundancy,
	AUTHOR = {Bogdan C{\^{a}}rbunar and Ananth Grama and Jan Vitek},
	TITLE = {Redundancy and Coverage Detection in Sensor Networks},
	JOURNAL = {ACM Transactions on Sensor Networks (TOSN)},
	VOLUME = {2},
	NUMBER = {1},
	PAGES = {94-128},
	MONTH = {February},
	YEAR = {2006}	}
	
@ARTICLE{aky:survey,
	AUTHOR = {Lan F. Akyildiz and Welljan Su and Yogesh Sankarasubramaniam and Erdal Cayirci},
	TITLE = {A Survey on Sensor Networks},
	JOURNAL = {IEEE Communications Magazine},
	VOLUME = {40},
	NUMBER = {8},
	PAGES = {102-114},
	MONTH = {August},
	YEAR = {2002}	}

@ARTICLE{lynch:shm,
	AUTHOR = {Jerome P. Lynch and Kenneth J. Loh},
	TITLE = {A Summary Review of Wireless Sensors and Sensor Networks for Structural Health Monitoring},
	JOURNAL = {Shock and Vibration Digest},
	PAGES = {91-128},
	MONTH = {},
	YEAR = {2005}	}

@ARTICLE{atev:visionits,
	AUTHOR = {Stefan Atev and Hemanth Arumugam and Osama Masoud and Ravi Janardan and Nikolaos P. Papanikolopoulos},
	TITLE = {A Vision-Based Approach to Collision Prediction at Traffic Intersections},
	JOURNAL = {IEEE Transactions on Intelligent Transportation Systems},
	VOLUME = {6},
	NUMBER = {4},
	PAGES = {416-423},
	MONTH = {June},
	YEAR = {2005}	}

@MISC {crossbow,
	TITLE = {Crossbow Website},
	AUTHOR = {Crossbow},
	HOWPUBLISHED = "\url{http://www.crossbow.com}"}