@INPROCEEDINGS{programmingparadigms,
    AUTHOR = {Kay R\"{o}mer},
    TITLE = {Programming Paradigms and Middleware for Sensor Networks},
    BOOKTITLE = {GI/ITG Workshop on Sensor Networks},
    PAGES = {49-54},
		MONTH = {February},
    YEAR = {2004},
}

@INPROCEEDINGS{middlewaresurvey1,
	AUTHOR = {Mohammad M. Molla and Sheikh Iqbal Ahamed},
	TITLE = {A Survey of Middleware for Sensor Network and Challenges},
	BOOKTITLE = {Proceedings of the 2006 International Conference Workshops on Parallel Processing},
	PAGES = {223-228},
	MONTH = {},
	YEAR = {2006}	}

@INPROCEEDINGS{middlewaresurvey2,
	AUTHOR = {Karen Henricksen and Ricky Robinson},
	TITLE = {A Survey of Middleware for Sensor Networks: State-of-the-art and Future Directions},
	BOOKTITLE = {Proceedings of the International Workshop on Middleware for Sensor Networks},
	PAGES = {60-65},
	MONTH = {},
	YEAR = {2006}	}

@INPROCEEDINGS{cougar,
	AUTHOR = {Philippe Bonnet and Johannes Gehrke and Praveen Seshadri},
	TITLE = {Towards Sensor Database Systems},
	BOOKTITLE = {Proceedings of the Second International Conference on Mobile Data Management},
	PAGES = {3-14},
	MONTH = {},
	YEAR = {2001}	}
	
@INPROCEEDINGS{impala,
	AUTHOR = {Ting Liu and Margaret Martonosi},
	TITLE = {Impala: A Middleware System for Managing Autonomic, Parallel Sensor Systems},
	BOOKTITLE = {Proceedings of the Ninth ACM SIGPLAN Symposium on Principles and Practice of Parallel Programming},
	PAGES = {107-118},
	MONTH = {},
	YEAR = {2003}	}
	
@INPROCEEDINGS{sensorware,
	AUTHOR = {Athanassios Boulis and Chih-chieh Han and Mani B. Srivastava},
	TITLE = {Design and Implementation of a Framework for Efficient and Programmable Sensor Networks},
	BOOKTITLE = {Proceedings of the 1st International Conference on Mobile Systems, Applications and Service},
	PAGES = {187-200},
	MONTH = {},
	YEAR = {2003}	}

@INPROCEEDINGS{envirotrack,
	AUTHOR = {T. Abdelzaher and B. Blum and Q. Cao and Y. Chen and D. Evans and S. George and L. Gu and T. He and S. Krishnamurthy and L. Luo and S. Son and J. Stankovic and R. Stoleru and A. Wood},
	TITLE = {EnviroTrack: Towards an Environmental Computing Paradigm for Distributed Sensor Networks},
	BOOKTITLE = {Proceedings of the 24th International Conference on Distributed Computing Systems},
	PAGES = {582-589},
	MONTH = {},
	YEAR = {2004}	}

@INPROCEEDINGS{tinycubus,
	AUTHOR = {Pedro Jos\'{e} Marr\'{o}n and Andreas Lachenmann and Daniel Minder and J\"{o}rg H\"{a}hner and Robert Sauter and Kurt Rothermel},
	TITLE = {TinyCubus: A Flexible and Adaptive Framework for Sensor Networks},
	BOOKTITLE = {Proceedings of the 2nd European Workshop on Wireless Sensor Networks},
	PAGES = {278-289},
	MONTH = {January},
	YEAR = {2005}	}
	
@INPROCEEDINGS{hood,
	AUTHOR = {Kamin Whitehouse and Cory Sharp and Eric Brewer and David Culler},
	TITLE = {Hood: A Neighborhood Abstraction for Sensor Networks},
	BOOKTITLE = {Proceedings of the 2nd International Conference on Mobile Systems, Applications, and Services},
	PAGES = {99-110},
	MONTH = {},
	YEAR = {2004}	}
	
@INPROCEEDINGS{tinylime,
	AUTHOR = {Carlo Curino and Matteo Giani and Marco Giorgetta and Alessandro Giusti},
	TITLE = {TinyLIME: Bridging Mobile and Sensor Networks through Middleware},
	BOOKTITLE = {Proceedings of the Third IEEE International Conference on Pervasive Computing and Communications},
	PAGES = {61-72},
	MONTH = {March},
	YEAR = {2005}	}
		
@INPROCEEDINGS{agilla,
	AUTHOR = {Chien-Liang Fok and Gruia-Catalin Roman and Chenyang Lu},
	TITLE = {Mobile Agent Middleware for Sensor Networks: An Application Case Study},
	BOOKTITLE = {Fourth International Symposium on Information Processing in Sensor Networks},
	PAGES = {382-387},
	MONTH = {April},
	YEAR = {2005}	}
			
@INPROCEEDINGS{regiment,
	AUTHOR = {Ryan Newton and Matt Welsh},
	TITLE = {Region Streams: Functional Macroprogramming for Sensor Networks},
	BOOKTITLE = {Proceeedings of the 1st International Workshop on Data Management for Sensor Networks in Conjunction with VLDB},
	PAGES = {78-87},
	MONTH = {August},
	YEAR = {2004}	}
			
@INPROCEEDINGS{tml,
	AUTHOR = {Ryan Newton and Arvind and Matt Welsh},
	TITLE = {Building Up to Macroprogramming: an Intermediate Language for Sensor Networks},
	BOOKTITLE = {Proceedings of the 4th International Symposium on Information Processing in Sensor Networks},
	PAGES = {78-87},
	MONTH = {August},
	YEAR = {2005}	}
	
@INPROCEEDINGS{kairos,
	AUTHOR = {Ramakrishna Gummadi and Omprakash Gnawali and Ramesh Govindan},
	TITLE = {Macro-programming Wireless Sensor Networks Using Kairos},
	BOOKTITLE = {Proceedings of the International Conference Distributed Computing in Sensor Systems},
	PAGES = {126-140},
	MONTH = {June/July},
	YEAR = {2005}	}

@INPROCEEDINGS{deluge,
	AUTHOR = {Jonathan W. Hui and David Culler},
	TITLE = {The Dynamic Behavior of a Data Dissemination Protocol for Network Programming at Scale},
	BOOKTITLE = {Proceedings of the 2nd International Conference on Embedded Networked Sensor Systems},
	PAGES = {81-94},
	MONTH = {},
	YEAR = {2004}	}
	
@INPROCEEDINGS{trickle,
	AUTHOR = {Philip Levis, Neil Patel and David Culler and Scott Shenker},
	TITLE = {Trickle: A Self-Regulating Algorithm for Code Propagation and Maintenance in Wireless Sensor Networks},
	BOOKTITLE = {Proceedings of the 1st Conference on Symposium on Networked Systems Design and Implementation},
	PAGES = {2-2},
	MONTH = {},
	YEAR = {2004}	}
	
@INPROCEEDINGS{snack,
	AUTHOR = {Ben Greenstein and Eddie Kohler and Deborah Estrin},
	TITLE = {A Sensor Network Application Construction Kit (SNACK)},
	BOOKTITLE = {Proceedings of the 2nd International Conference on Embedded Networked Sensor Systems},
	PAGES = {69-80},
	MONTH = {},
	YEAR = {2004}	}
	
@INPROCEEDINGS{abstractregion,
	AUTHOR = {Matt Welsh and Geoff Mainland},
	TITLE = {Programming Sensor Networks Using Abstract Regions},
	BOOKTITLE = {Proceedings of the 1st Conference on Symposium on Networked Systems Design and Implementation},
	PAGES = {3-3},
	MONTH = {},
	YEAR = {2004}	}
	
@INPROCEEDINGS{tinythread,
	AUTHOR = {William P. McCartney and Nigamanth Sridhar},
	TITLE = {Abstractions for Safe Concurrent Programming in Networked Embedded Systems},
	BOOKTITLE = {Proceedings of the 4th International Conference on Embedded Networked Sensor Systems},
	PAGES = {167-180},
	MONTH = {},
	YEAR = {2006}	}
	
@INPROCEEDINGS{song,
	AUTHOR = {Jie Liu and Feng Zhao},
	TITLE = {Towards Semantic Services for Sensor-Rich Information Systems},
	BOOKTITLE = {Proceedings of the 2nd International Conference on Broadband Networks},
	PAGES = {967-974},
	MONTH = {October},
	YEAR = {2005}	}
	
@INPROCEEDINGS{atag,
	AUTHOR = {Animesh Pathak and Luca Mottola and Amol Bakshi and Viktor K. Prasanna and Gian Pietro Picco},
	TITLE = {Expressing Sensor Network Interaction Patterns Using Data-Driven Macroprogramming},
	BOOKTITLE = {Proceedings of the Fifth Annual IEEE International Conference on Pervasive Computing and Communications Workshops},
	PAGES = {255-260},
	MONTH = {March},
	YEAR = {2007}	}
	
@INPROCEEDINGS{rulecaster,
	AUTHOR = {Urs Bischoff and Gerd Kortuem},
	TITLE = {A State-Based Programming Model and System for Wireless Sensor Networks},
	BOOKTITLE = {Proceedings of the Fifth Annual IEEE International Conference on Pervasive Computing and Communications Workshops},
	PAGES = {261-266},
	MONTH = {March},
	YEAR = {2007}	}
	
@INPROCEEDINGS{fran,
	AUTHOR = {Conal Elliott and Paul Hudak},
	TITLE = {Functional Reactive Animation},
	BOOKTITLE = {Proceedings of the Second ACM SIGPLAN International Conference on Functional Programming},
	PAGES = {263-273},
	MONTH = {},
	YEAR = {1997}	}
	
@ARTICLE{pieces,
	AUTHOR = {Jie Liu and Maurice Chu and Juan Liu and James Reich and Feng Zhao},
	TITLE = {State-Centric Programming for Sensor-Actuator Network Systems},
	JOURNAL = {IEEE Pervasive Computing},
	VOLUME = {2},
	NUMBER = {4},
	PAGES = {50-62},
	MONTH = {October},
	YEAR = {2003}	}
	
@ARTICLE{tinydb,
	AUTHOR = {Samuel R. Madden and Michael J. Franklin and Joseph M. Hellerstein and Wei Hong},
	TITLE = {TinyDB: an Acquisitional Query Processing System for Sensor Networks},
	JOURNAL = {ACM Transactions on Database Systems},
	VOLUME = {30},
	NUMBER = {1},
	PAGES = {122-173},
	MONTH = {March},
	YEAR = {2005}	}
	
@ARTICLE{milan,
	AUTHOR = {Wendi B. Heinzelman and Amy L. Murphy and Hervaldo S. Carvalho and Mark A. Perilloe},
	TITLE = {Middleware to Support Sensor Network Applications},
	JOURNAL = {IEEE Network},
	VOLUME = {18},
	NUMBER = {1},
	PAGES = {6-14},
	MONTH = {June},
	YEAR = {2004}	}
	
@ARTICLE{smartmessage,
	AUTHOR = {Porlin Kang and Cristian Borcea and Gang Xu and Akhilesh Saxena and Ulrich Kremer and Liviu Iftode},
	TITLE = {Smart Messages: A Distributed Computing Platform for Networks of Embedded Systems},
	JOURNAL = {The Computer Journal},
	VOLUME = {47},
	NUMBER = {4},
	PAGES = {475-494},
	MONTH = {},
	YEAR = {2004}	}
		
@ARTICLE{dsware,
	AUTHOR = {Shuoqi Li and Ying Lin and Sang H. Son and John A. Stankovic and Yuan Wei},
	TITLE = {Event Detection Services Using Data Service Middleware in Distributed Sensor Networks},
	JOURNAL = {Telecommunication Systems},
	VOLUME = {26},
	NUMBER = {2-4},
	PAGES = {351-368},
	MONTH = {June},
	YEAR = {2004}	}
		
@ARTICLE{mate,
	AUTHOR = {Philip Levis and David Culler},
	TITLE = {Mat\'{e}: A Tiny Virtual Machine for Sensor Networks},
	JOURNAL = {ACM SIGOPS Operating Systems Review},
	VOLUME = {36},
	NUMBER = {5},
	PAGES = {85-95},
	MONTH = {December},
	YEAR = {2002}	}
	
@ARTICLE{middlewarechallenge,
	AUTHOR = {Salem Hadim and Nader Mohamed},
	TITLE = {Middleware: Middleware Challenges and Approaches for Wireless Sensor Networks},
	JOURNAL = {IEEE Distributed Systems Online},
	VOLUME = {7},
	NUMBER = {3},
	PAGES = {1-1},
	MONTH = {March},
	YEAR = {2006}	}
	
@ARTICLE{clustermiddleware,
	AUTHOR = {Yang Yu and Bhaskar Krishnamachari and Viktor K. Prasanna},
	TITLE = {Issues in Designing Middleware for Wireless Sensor Networks},
	JOURNAL = {IEEE Network},
	VOLUME = {18},
	NUMBER = {1},
	PAGES = {15-21},
	MONTH = {January/February},
	YEAR = {2004}	}

@ARTICLE{sina,
	AUTHOR = {Chien-Chung Shen and Chavalit Srisathapornphat and Chaiporn Jaikaeo},
	TITLE = {Sensor Information Networking Architecture and Applications},
	JOURNAL = {IEEE Personal Communications},
	VOLUME = {8},
	NUMBER = {4},
	PAGES = {52-59},
	MONTH = {August},
	YEAR = {2001}	}

@ARTICLE{magnetos,
	AUTHOR = {Rimon Barr and John C. Bicket and Daniel S. Dantas and Bowel Du and T.W. Danny Kim and and Blng Zhou and Emin Gr\"(u)n Sirer},
	TITLE = {On the Need for System-Level Support for Ad hoc and Sensor Networks},
	JOURNAL = {ACM SIGOPS Operating Systems Review},
	VOLUME = {36},
	NUMBER = {2},
	PAGES = {1-5},
	MONTH = {April},
	YEAR = {2002}	}

@MISC {xnp,
	TITLE = {XNP Documentation},
	AUTHOR = {Jaein Jeong and Sukun Kim and Alan Broad},
	MONTH = {August},
	YEAR = {2003},
	HOWPUBLISHED = "\url{http://www.tinyos.net/tinyos-1.x/doc/NetworkReprogramming.pdf}"}
